2130 3660
129 184 165 242 ιο
389 181 551 241 mem
577 181 761 243 ciamus.
859 196 893 260 [1.
906 195 925 246 i.
938 198 1033 249 19-37

126 315 330 391 Odiossicique
350 321 382 371 et
401 314 530 371 multum
551 315 813 372 incommodestici

126 414 168 470 Et
188 414 236 469 hic
257 411 376 488 quidem
399 411 498 469 hercle
521 412 581 468 nisi
605 413 657 489 qui
681 413 820 489 colaphos
843 414 968 490 perpeti

125 510 211 567 Potls
231 509 381 586 parasitus
400 509 560 587 frangique
580 511 665 568 aulas
689 512 722 568 in
746 517 847 587 caput,

88 636 113 672 90
126 608 186 665 Vel
206 608 250 664 ire
270 609 357 664 extra
376 614 494 684 portam
519 608 711 684 trigeminam
735 607 775 664 ad
799 609 922 666 saccum
943 609 1021 667 licet

127 705 212 773 Quod
233 705 307 761 mihi
327 724 366 762 ne
387 704 509 761 eueniat
532 706 594 761 non
616 704 733 761 nullum
757 703 967 780 periculumst,

125 801 289 878 Postquam
311 820 395 858 meus
417 820 470 857 rex
495 802 542 858 est
563 801 681 878 potitus
705 802 846 861 hostium.

125 898 176 957 Ita
200 901 279 957 nunc
302 900 481 976 belligerant
502 899 608 957 Aetoli
629 919 697 959 cum
720 883 815 958 dleis.

125 998 206 1055 Nem
228 998 351 1055 Aetolia
373 997 446 1054 haec
468 1004 533 1070 est3
560 997 622 1055 illic
644 1005 691 1057 est
712 1001 818 1075 captus
838 1000 872 1056 in
898 983 999 1072 Alide,

87 1119 112 1156 95
124 1095 353 1170 Philopolemus,
377 1094 466 1150 huius
491 1094 639 1170 Hegionis
659 1095 750 1166 filius

124 1193 211 1252 Senis
231 1192 282 1269 qui
303 1192 352 1248 hic
371 1180 528 1267 (pointihy
549 1200 577 1248 to
598 1192 644 1250 the
664 1193 764 1270 house)
785 1194 908 1252 habitat
917 1216 927 1269 3
955 1214 1027 1273 quae

246 1290 333 1346 aedes
354 1288 550 1345 lamentariae

125 1388 204 1445 Mihi
224 1388 305 1457 sunt,
326 1405 401 1462 quas
425 1386 712 1463 quotiensququue
733 1390 892 1466 conspicio,
920 1391 984 1451 fleo.
1019 1422 1022 1427 ·
1061 1374 1063 1383 Ι

124 1486 215 1542 Nunc
237 1484 286 1540 hic
309 1483 425 1558 occepit
448 1485 604 1559 quae'stum
627 1484 707 1542 hunc
729 1487 774 1542 fili
796 1487 898 1563 gretia
1061 1472 1063 1479 Ι

124 1580 332 1652 Inhonestum,
357 1599 497 1636 maxume
521 1581 653 1638 alienum
675 1582 797 1660 ingenio
819 1604 892 1644 suo:

76 1708 112 1734 ιω
124 1679 272 1738 Homines
295 1678 431 1754 captiuos
453 1680 669 1751 conmercatur,
696 1683 722 1737 si
745 1688 838 1757 queat

124 1777 266 1854 Aliquem
290 1775 428 1833 inuenire
452 1776 536 1831 suom
550 1776 612 1865 gui
634 1783 732 1835 mutet
754 1778 863 1838 illium.

124 1875 212 1945 Quod
234 1875 354 1952 quidem
376 1892 430 1949 ego
454 1873 545 1930 nimis
567 1893 657 1949 quam
681 1876 786 1951 cupide
801 1877 900 1954 ¹cupio
922 1884 961 1936 ut
985 1880 1024 1936 in·

244 1978 362 2050 petret:

124 2073 156 2129 N
157 2093 206 2129 am
226 2072 259 2128 ni
279 2072 363 2128 fflum
385 2069 500 2144 recipit,
522 2070 598 2126 nihil
618 2076 665 2127 est
687 2091 746 2148 quo
765 2092 813 2130 me
834 2074 986 2151 recipiam.

124 2169 250 2226 Nullast
269 2187 336 2245 spes
357 2168 391 2224 in
414 2168 582 2225 iuuentuti:
610 2187 674 2225 sese
697 2172 793 2226 omnis
817 2178 933 2233 emant.

75 2291 111 2327 10⁵
125 2267 181 2325 Ille
205 2267 324 2324 demum
349 2265 483 2341 antiquis
507 2265 553 2322 est
577 2265 751 2325 adulescens
774 2268 919 2344 moribuS,

190 2431 222 2480 89
243 2428 321 2478 Potes
337 2430 445 2486 BDVE,
460 2427 549 2476 Potest
564 2428 592 2476 J.
658 2428 691 2478 90
707 2429 838 2478 sacculum
854 2432 930 2482 VEJ.
995 2433 1024 2485 90

125 2495 194 2543 Nam
209 2496 348 2557 postquam
364 2495 402 2543 M.
469 2492 515 2540 101
534 2491 580 2552 qui
595 2495 711 2541 cumutet
728 2496 759 2542 M
775 2496 845 2554 (oum
861 2499 949 2547 mutet
964 2498 1023 2559 EJ).

126 2560 255 2611 102-10‘1
270 2560 346 2608 stand
362 2561 391 2608 in
407 2559 439 2607 M
452 2559 520 2620 aster
534 2572 558 2605 v.
577 2557 633 2605 125.
700 2558 748 2606 104
762 2572 821 2621 spes
831 2559 980 2613 iuuentutis
990 2563 1023 2612 lt.

190 2702 522 2766 covellraexuafflffl
627 2701 1025 2767 sammum‚hiatus,u.on

125 2771 166 2818 24.
200 2767 260 2818 Sch.
272 2768 366 2817 inserts
377 2771 420 2818 illi
430 2770 497 2818 aster
507 2771 599 2819 Aetoli.
666 2768 1024 2836 eennespronoun)‚5151;

125 2834 157 2884 ci.
177 2835 217 2884 39.
285 2839 315 2883 st
331 2833 545 2883 Proceleusmatic
561 2834 589 2882 in
609 2834 640 2881 1¹*
653 2833 716 2893 scot,
734 2837 747 2894 ξ
762 2834 803 2894 46,
820 2832 855 2882 vi.
921 2842 955 2888 ω
971 2840 1024 2895 um

126 2899 170 2948 the
191 2912 310 2961 pronoun
330 2897 353 2946 is
371 2898 473 2962 usually
490 2899 571 2959 short,
592 2897 696 2947 whence
715 2897 774 2947 Sub,
793 2897 869 2948 reads
890 2901 933 2950 lu'c
951 2902 1024 2959 hono,

125 2964 173 3014 but
194 2964 218 3013 is
240 2964 387 3012 sometimes
409 2963 491 3012 found
511 2963 586 3024 long;
609 2963 642 3011 oi.
665 2964 721 3023 547,
747 2962 803 3012 805.
880 2969 927 3015 100
948 2968 1025 3017 nin!

126 3027 238 3078 scanned
253 3027 332 3086 aiml',
346 3031 360 3090 ξ
376 3027 416 3088 94,
435 3027 568 3076 otherwise
584 3042 600 3076 a
616 3027 702 3088 dactyl
718 3026 804 3076 would
815 3027 849 3077 be
859 3028 981 3081 followed
994 3030 1025 3099 1η

126 3109 161 3143 an
172 3096 303 3154 anapaest.
369 3097 463 3152 cupide
484 3091 597 3141 inserted
618 3091 653 3154 by
673 3092 793 3154 Spengel,
815 3095 889 3143 metri
909 3109 966 3157 om
986 3106 1025 3145 ιω

125 3173 220 3208 comm.
238 3173 272 3206 on
289 3159 345 3207 250.
412 3163 457 3207 103
473 3157 566 3219 Dactyl
581 3156 610 3204 in
627 3157 661 3204 5¹h
678 3156 742 3215 foot,
759 3161 772 3218 ξ
788 3157 830 3218 46,
848 3157 875 3207 ii.
938 3166 986 3213 101
998 3164 1025 3211 ln

125 3227 262 3273 iuuentutt
279 3222 329 3288 (for
345 3237 388 3270 us.
406 3225 554 3280 iuuentutis,
571 3220 656 3269 which
673 3220 726 3270 will
746 3225 794 3271 not
816 3222 889 3290 soen)
907 3228 982 3275 must
996 3222 1025 3273 ho

125 3287 240 3336 scanned
255 3290 284 3336 in
300 3289 435 3346 idutetziti,
451 3290 464 3348 ἕ
480 3288 535 3345 142,
553 3300 583 3335 or
600 3288 736 3346 iuuentuti,
754 3290 768 3348 ξ
785 3288 842 3337 113.
908 3295 956 3341 100
972 3292 1024 3347 m.
